% This file was created with JabRef 2.7.2.
% Encoding: Cp1252

@ARTICLE{adler2012,
  author = {Andy Adler and Marcelo B Amato and John H Arnold and Richard Bayford
	and Marc Bodenstein and Stephan H Boehm and Brian H Brown and Inez
	Frerichs and Ola Stenqvist and  Norbert Weiler and Gerhard K Wolf},
  title = {Whither lung EIT: Where are we, where do we want to go and what do
	we need to get there?},
  journal = {Physiological Measurement},
  year = {2012},
  volume = {33},
  pages = {679-694},
  owner = {pascal},
  timestamp = {2012.06.09}
}

@ARTICLE{Record_RiuCosta_1992,
  author = {Record, P M and Riu Costa, P J},
  title = {Raw data interchange format for electrical impedance tomography.},
  journal = {Clinical physics and physiological measurement an official journal
	of the Hospital Physicists Association Deutsche Gesellschaft fur
	Medizinische Physik and the European Federation of Organisations
	for Medical Physics},
  year = {1992},
  volume = {13 Suppl A},
  pages = {201--207},
  number = {0143-0815 (Print)},
  url = {http://www.ncbi.nlm.nih.gov/pubmed/1587102}
}

